@article{tebbens_role_2022,
	title = {The {Role} of {Estrone} in {Feminizing} {Hormone} {Treatment}},
	volume = 107,
	issn = {0021-972X, 1945-7197},
	url = {https://academic.oup.com/jcem/article/107/2/e458/6387192},
	doi = {10.1210/clinem/dgab741},
	language = {en},
	number = 2,
	urldate = {2024-05-24},
	journal = {The Journal of Clinical Endocrinology \& Metabolism},
	author = {Tebbens, Marieke and Heijboer, Annemieke C and Tâ€™Sjoen, Guy and Bisschop, Peter H and den Heijer, Martin},
	month = jan,
	year = 2022,
	pages = {e458--e466},
}
